
@article{chen:front-mol-biosci:2018,
	Author = {Chen, Yang and Lakshmikanth, Tadepally and Olin, Axel and Mikes, Jaromir and Remberger, Mats and Brodin, Petter},
	Doi = {10.3389/fmolb.2018.00081},
	Journal = {Front. Mol. Biosci. Biosci},
	Pages = {81},
	Title = {Continuous Immune Cell Differentiation Inferred From Single-Cell Measurements Following Allogeneic Stem Cell Transplantation},
	Volume = {5},
	Year = {2018}}

@article{cho:bioRxiv:2019,
	Author = {H. Cho AND R.C. Rockne},
	Doi = {10.1101/710640},
	Journal = {bioRxiv},
	Title = {Mathematical modeling with single-cell sequencing data},
	Year = {2019}}

@article{cho:LettBiomath:2018,
	Author = {H. Cho and K. Ayers and L. de Pills and Y.-H. Kuo and J. Park and A. Radunskaya and R. C. Rockne},
	Doi = {10.1080/23737867.2018.1472532},
	Journal = {Letters in Biomathematics},
	Number = {sup1},
	Pages = {S69-S98},
	Title = {Modelling acute myeloid leukaemia in a continuum of differentiation states},
	Volume = {5},
	Year = {2018}}

@article{coifman:PNAS:2005,
	Author = {Coifman, R R and Lafon, S and Lee, A B and Maggioni, M and Nadler, B and Warner, F and Zucker, S W},
	Doi = {10.1073/pnas.0500334102},
	Journal = {Proc. Natl. Acad. Sci. U.S.A.},
	Number = {21},
	Pages = {7426-31},
	Title = {Geometric diffusions as a tool for harmonic analysis and structure definition of data: diffusion maps},
	Volume = {102},
	Year = {2005}}

@article{doumic:SIAM:2011,
	Author = {Doumic, Marie AND Marciniak-Czochra, Anna AND Perthame, Beno\^it AND Zubelli, Jorge},
	Doi = {10.1137/100816584},
	Journal = {SIAM J. Appl. Math.},
	Number = {6},
	Pages = {1918-1940},
	Title = {A Structured Population Model of Cell Differentiation},
	Volume = {71},
	Year = {2011}}

@article{haghverdi:Bioinformatics:2015,
	Author = {Haghverdi, Laleh and Buettner, Florian and Theis, Fabian J},
	Doi = {10.1093/bioinformatics/btv325},
	Journal = {Bioinformatics},
	Number = {18},
	Pages = {2989-98},
	Title = {Diffusion maps for high-dimensional single-cell analysis of differentiation data},
	Volume = {31},
	Year = {2015}}

@article{haghverdi:NatMethods:2016,
	Author = {Haghverdi, Laleh and B{\"u}ttner, Maren and Wolf, F Alexander and Buettner, Florian and Theis, Fabian J},
	Doi = {10.1038/nmeth.3971},
	Journal = {Nat. Methods},
	Number = {10},
	Pages = {845-8},
	Title = {Diffusion pseudotime robustly reconstructs lineage branching},
	Volume = {13},
	Year = {2016}}

@article{kiselev:NatRevGen:2019,
	Author = {Kiselev, Vladimir Yu and Andrews, Tallulah S and Hemberg, Martin},
	Doi = {10.1038/s41576-018-0088-9},
	Journal = {Nat. Rev. Genetics},
	Number = {5},
	Pages = {273-282},
	Title = {Challenges in unsupervised clustering of single-cell RNA-seq data},
	Volume = {20},
	Year = {2019}}

@article{nestorowa:Blood:2016,
	Author = {Nestorowa, Sonia and Hamey, Fiona K and Pijuan Sala, Blanca and Diamanti, Evangelia and Shepherd, Mairi and Laurenti, Elisa and Wilson, Nicola K and Kent, David G and G\"ottgens, Berthold},
	Doi = {10.1182/blood-2016-05-716480},
	Journal = {Blood},
	Number = {8},
	Pages = {e20-31},
	Title = {A single-cell resolution map of mouse hematopoietic stem and progenitor cell differentiation},
	Volume = {128},
	Year = {2016}}

@article{paul:Cell:2015,
	Author = {Paul, Franziska and Arkin, Yaara and Giladi, Amir and Jaitin, Diego Adhemar and Kenigsberg, Ephraim and Keren-Shaul, Hadas and Winter, Deborah and Lara-Astiaso, David and Gury, Meital and Weiner, Assaf and David, Eyal and Cohen, Nadav and Lauridsen, Felica Kathrine Bratt and Haas, Simon and Schlitzer. Andreas and Mildner, Alexander and Ginhoux, Florent and Jung, Steffen and Trumpp, Andreas and Porse, Bo Torben and Tanay, Amos and Amit, Ido},
	Doi = {10.1016/j.cell.2015.11.013},
	Journal = {Cell},
	Number = {7},
	Pages = {1663--1677},
	Title = {Transcriptional heterogeneity and lineage commitment in myeloid progenitors},
	Volume = {163},
	Year = {2015}}

@article{wolf:GenomeBiol:2019,
	Author = {Wolf, F Alexander and Hamey, Fiona K and Plass, Mireya and Solana, Jordi and Dahlin, Joakim S and G{\"o}ttgens, Berthold and Rajewsky, Nikolaus and Simon, Lukas and Theis, Fabian J},
	Doi = {10.1186/s13059-019-1663-x},
	Journal = {Genome Biol.},
	Number = {1},
	Pages = {59},
	Title = {PAGA: graph abstraction reconciles clustering with trajectory inference through a topology preserving map of single cells},
	Volume = {20},
	Year = {2019}}
